3854 5016
597 479 1132 582 ,Natanttxm
1429 494 1478 592 H

355 577 561 692 inspeciem
583 597 707 691 'primm
726 592 808 675 iecit
831 586 1199 682 reuirescere-formal
1297 681 1306 691 ,

283 707 331 788 50
353 691 408 766 Vt
437 707 532 765 noua
545 697 675 770 ,cenna
693 691 831 776 intent,
852 690 981 765 connis
997 690 1148 767 abeunte
1164 685 1331 764 veterno?

357 785 465 862 Hane
483 805 711 862 renouaturnn
728 787 912 885 cytharam
930 789 1030 862 Deua
1046 784 1117 883 ipse
1135 783 1304 884 Magiller
1462 825 1500 858 „n

352 882 428 977 lpse
444 877 666 978 suipositattl
688 881 857 982 suspendit
877 883 914 955 in
930 883 1052 958 arbore
1070 884 1180 982 ligni,
1421 881 1433 949 '.
1482 930 1486 938 ,

353 979 401 1053 Et
425 979 539 1054 Crura
564 998 747 1078 peecatum
764 976 876 1058 carnia
896 980 1114 1076 perimente,
1134 974 1310 1068 nonauitl'

354 1079 479 1176 Atque
501 1075 549 1150 ita
565 1078 750 1154 mortalem
765 1077 916 1152 numeria
932 1075 1119 1152 taelellibun
1135 1093 1259 1173 aptant
1440 1079 1464 1129 t'
1483 1079 1488 1090 '

283 1188 326 1277 55
352 1171 563 1270 Composuit
585 1174 781 1274 Cytltaram
799 1172 901 1260 aarijt
914 1194 958 1246 ea
971 1170 1132 1268 gentibue
1150 1193 1282 1257 nnana,

350 1271 568 1366 omnigenae
588 1271 743 1368 populna
759 1268 989 1364 compingens
1010 1289 1138 1363 eorpus
1150 1267 1187 1344 in
1199 1268 1331 1365 unum]
1494 1311 1498 1320 .

351 1365 438 1438 Inde
458 1367 615 1440 laeeffitit
641 1363 765 1439 fidibus
785 1365 825 1436 de
848 1364 979 1457 penne
1003 1363 1112 1438 Verbi
1420 1433 1424 1444 .

355 1461 440 1536 Vna
461 1461 682 1559 Euangelicae
701 1458 875 1533 teslnrlinia
894 1459 1013 1536 omnia
1032 1461 1185 1558 complet
1314 1481 1318 1489 ·

352 1555 471 1632 Laude
487 1559 584 1637 Dei.
609 1561 708 1636 Toto
726 1555 855 1631 Christi
869 1556 985 1655 chelyn
1000 1575 1105 1633 aurea
1126 1557 1259 1634 mundo
1418 1615 1421 1622 .

276 1662 327 1736 6ο
351 1654 520 1730 Personat
539 1653 727 1731 innumeris
743 1671 816 1728 tun
830 1653 1067 1730 modulamine
1089 1655 1218 1754 linguis
1229 1703 1242 1742 ,

346 1749 644 1850 Respondentque
666 1751 749 1827 Dtn
766 1749 906 1846 paribus
926 1772 1020 1828 noua
1038 1757 1193 1828 earmina
1212 1750 1352 1831 narnia!

346 1853 409 1926 sed
430 1847 573 1924 reseram
591 1851 634 1925 ad
652 1867 728 1926 mea
741 1863 856 1946 taepra
868 1849 1014 1944 pedem,
1042 1871 1124 1926 nam
1140 1866 1278 1949 tempus
1285 1899 1299 1942 ,
1319 1852 1358 1926 bt
1373 1847 1461 1929 lora
1474 1845 1522 1926 eii

345 1946 529 2026 Promislae
540 1943 664 2021 offerre
680 1949 784 2042 dapes
801 1993 814 2032 ,
834 1947 1008 2041 adponere
1029 1946 1128 2024 vobit

350 2043 499 2119 Prandia
528 2042 694 2118 sollicitat
720 2039 811 2117 ealle
826 2043 988 2118 lumen&
1010 2063 1070 2137 per
1086 2048 1203 2121 aurea:

272 2145 321 2239 65
349 2141 431 2216 Nec
453 2137 561 2209 veteri
578 2154 764 2232 repetam,
811 2157 867 2207 uae
885 2137 963 2209 suat
977 2139 1152 2224 elnotus,
1174 2139 1218 2213 ab
1233 2140 1338 2229 aeuni

218 2289 226 2294 -
349 2241 444 2311 Ante
461 2231 534 2305 <liet
551 2251 683 2329 pauent
700 2157 940 2328 illiebpetiata
962 2230 1147 2327 profabor.

347 2333 507 2406 Venerat
522 2329 591 2404 ltne
609 2331 752 2428 quidam
768 2327 937 2428 placitum
960 2329 1020 2403 sibi
1041 2332 1173 2408 soluere
1193 2347 1322 2412 vntum

240 2519 243 2524 ¹
340 2425 637 2507 vrbis-Abellino
658 2427 699 2501 le
719 2423 845 2503 finibun
869 2428 1002 2502 aduena
1026 2427 1147 2505 nnsttia

343 2526 498 2604 Sedibus.
522 2524 595 2604 Hit
609 2545 756 2622 porcum
769 2521 880 2603 lindio
890 2541 1035 2599 curante
1056 2525 1222 2621 paratum

274 2651 324 2726 70
349 2628 581 2718 Dilatumqne
604 2621 690 2705 dio,
708 2637 747 2694 tt
771 2618 869 2693 unul
888 2621 987 2692 annia
999 2668 1013 2706 ,
1033 2637 1141 2717 atque
1153 2621 1271 2716 sagius

342 2723 540 2803 cresceret,
557 2716 628 2787 noe
650 2714 732 2786 illue
755 2715 981 2807 perduxerat,
1000 2731 1107 2812 atque
1125 2714 1185 2792 abl
1203 2717 1324 2807 venit}
1464 2795 1468 2804 ,

346 2817 480 2908 Pingue
505 2807 702 2922 pecunvoti
722 2807 859 2903 iugulat
883 2807 923 2882 de
947 2823 1270 2888 morevnuentum.

343 2911 451 2984 Fama
473 2909 540 2982 sun
555 2924 768 3001 mtgnnpere
790 2919 935 3001 gentum
956 2907 1155 2982 attenderat
1174 2926 1292 2982 aerem

341 3011 415 3082 Ore
430 3001 591 3090 samona,
618 3002 658 3076 &
677 3004 791 3077 tonui
813 3019 954 3098 magnae
977 3001 1033 3100 spe
1057 3004 1165 3100 partia
1180 3003 1318 3085 ltiantea

265 3128 311 3210 75
339 3099 604 3182 Tendebant'ad
621 3099 742 3197 opima
763 3099 855 3176 senen
875 3098 1041 3176 conuiuia
1064 3099 1203 3182 santra.

338 3203 476 3278 lnterea
499 3199 648 3294 largitor
670 3197 773 3290 inope
798 3217 870 3272 non
887 3197 1043 3295 partibus
1058 3200 1169 3297 aequin

336 3297 481 3377 Diuidit
504 3295 571 3385 ,pbr
588 3309 705 3369 tntum
721 3295 781 3368 fibi
805 3315 931 3392 corpus
954 3291 1079 3369 habere
1100 3295 1264 3394 relinquit
1276 3299 1291 3388 ,‘
1352 3301 1354 3308 '

332 3399 380 3473 Et
402 3411 529 3470 volunt
548 3389 733 3487 complesse
749 3407 851 3490 putat
867 3439 880 3478 ,
898 3389 1064 3487 laetusque
1081 3393 1189 3464 redire

326 3488 502 3588 *lneipit,
522 3487 621 3564 ausus
641 3507 698 3562 ean
721 3487 880 3562 iumento
901 3489 1081 3582 imponere
1103 3484 1216 3559 letum

267 3593 315 3666 8ο
335 3589 554 3686 Relliquiaa,
576 3584 614 3658 bt
642 3581 679 3656 ln
702 3583 755 3656 ltin
775 3583 895 3678 placiti
915 3581 947 3656 se
968 3580 1117 3676 pignora
1136 3581 1216 3658 vnti

286 3727 290 3736 -
335 3687 456 3755 saneta
484 3681 608 3758 reserte
629 3681 774 3754 domurn
793 3678 886 3753 male
898 3681 1055 3753 credulus
1061 3727 1074 3765 ,
1092 3680 1129 3752 in
1146 3678 1272 3780 quibua
1295 3678 1386 3759 idem

337 3781 521 3857 Damnum
536 3779 684 3902 animae?
700 3777 905 3881 ,nodumque
923 3779 992 3875 viat
1011 3777 1175 3883 portabat
1192 3797 1382 3950 animumn
1428 3878 1458 3898 ..

374 3895 378 3902 ·
718 3887 724 3909 ’
1384 3899 1455 3956 ent·

236 4011 1507 4183 llerelutnunltlttttattestantiumft

256 4235 261 4244 .
280 4179 1217 4328 yppotefnmeamfflitalvlsmrasamem.limentinus,
1316 4251 1320 4262 ,
1372 4267 1467 4354 m
1532 4311 1535 4318 Ι
